% Encoding: UTF-8

@Article{,
  url = {http://tutorialesdeelectronicabasica.blogspot.com/2018/06/amplificador-de-clase-b-y-amplificador.html},
}

@Comment{jabref-meta: databaseType:bibtex;}
