% Encoding: UTF-8

@Book{987-84-267-1873-0,
  title     = {Electronica de Potencia -Principios, fundamentos y estructuras basicas},
  publisher = {Marcombo SA},
  year      = {2011},
  author    = {Eduard Basteller Portillo},
}

@Comment{jabref-meta: databaseType:bibtex;}
