% Encoding: UTF-8

@Article{,
  url = {https://es.wikibooks.org/wiki/Robótica/Modulación_por_Ancho_de_Pulsos_(PWM)},
}

@Comment{jabref-meta: databaseType:bibtex;}
