% Encoding: UTF-8

@Electronic{,
  url = {https://unicrom.com/disparo-de-tiristor-por-puerta},
}

@Comment{jabref-meta: databaseType:bibtex;}
