% Encoding: UTF-8

@Book{,
  comment = {Amplificadores Clase A},
  url     = {http://tutorialesdeelectronicabasica.blogspot.com/2018/06/el-amplificador-de-clase-es-un.html},
}

@Comment{jabref-meta: databaseType:bibtex;}
